<?xml version="1.0" encoding="UTF-8"?><record xmlns="http://www.loc.gov/MARC21/slim" xmlns:cinclude="http://apache.org/cocoon/include/1.0" xmlns:zs="http://www.loc.gov/zing/srw/">
  <leader>00537nz  a2200157n  4500</leader>
  <controlfield tag="001">no2004037413</controlfield>
  <controlfield tag="003">DLC</controlfield>
  <controlfield tag="005">20040421051741.0</controlfield>
  <controlfield tag="008">040420n| acannaabn          |a aaa      </controlfield>
  <datafield tag="010" ind1=" " ind2=" ">
    <subfield code="a">no2004037413</subfield>
  </datafield>
  <datafield tag="035" ind1=" " ind2=" ">
    <subfield code="a">(OCoLC)oca06327206</subfield>
  </datafield>
  <datafield tag="040" ind1=" " ind2=" ">
    <subfield code="a">DLC-ON</subfield>
    <subfield code="b">eng</subfield>
    <subfield code="c">DLC-ON</subfield>
  </datafield>
  <datafield tag="100" ind1="1" ind2=" ">
    <subfield code="a">Kevaḷe, Maṅgalā,</subfield>
    <subfield code="d">1957-</subfield>
  </datafield>
  <datafield tag="400" ind1="0" ind2=" ">
    <subfield code="a">Maṅgalā Kevaḷe,</subfield>
    <subfield code="d">1957-</subfield>
  </datafield>
  <datafield tag="400" ind1="0" ind2=" ">
    <subfield code="a">Maṅgalā Yaśavanta Kevaḷe,</subfield>
    <subfield code="d">1957-</subfield>
  </datafield>
  <datafield tag="670" ind1=" " ind2=" ">
    <subfield code="a">Jagāyacãya pratyeka sekanda, 1999:</subfield>
    <subfield code="b">t.p. (Maṅgalā Kevaḷe) pref. (Maṅgalā Yaśavanta Kevaḷe) p. 3 (b. 1957)</subfield>
  </datafield>
</record>